<?xml version="1.0" encoding="UTF-8"?><record xmlns="http://www.loc.gov/MARC21/slim" xmlns:cinclude="http://apache.org/cocoon/include/1.0" xmlns:zs="http://www.loc.gov/zing/srw/">
  <leader>00629cz  a2200169n  4500</leader>
  <controlfield tag="001">n 2009013006</controlfield>
  <controlfield tag="003">DLC</controlfield>
  <controlfield tag="005">20090303075122.0</controlfield>
  <controlfield tag="008">090302n| acannaabn          |a aaa      </controlfield>
  <datafield tag="010" ind1=" " ind2=" ">
    <subfield code="a">n 2009013006</subfield>
  </datafield>
  <datafield tag="040" ind1=" " ind2=" ">
    <subfield code="a">DLC</subfield>
    <subfield code="b">eng</subfield>
    <subfield code="c">DLC</subfield>
  </datafield>
  <datafield tag="100" ind1="1" ind2=" ">
    <subfield code="a">Auad la Fuente de Castellanos, Susana</subfield>
  </datafield>
  <datafield tag="400" ind1="1" ind2=" ">
    <subfield code="a">La Fuente de Castellanos, Susana Auad</subfield>
  </datafield>
  <datafield tag="400" ind1="1" ind2=" ">
    <subfield code="a">Fuente de Castellanos, Susana Auad la</subfield>
  </datafield>
  <datafield tag="400" ind1="1" ind2=" ">
    <subfield code="a">De Castellanos, Susana Auad la Fuente</subfield>
  </datafield>
  <datafield tag="400" ind1="1" ind2=" ">
    <subfield code="a">Castellanos, Susana Auad la Fuente de</subfield>
  </datafield>
  <datafield tag="670" ind1=" " ind2=" ">
    <subfield code="a">Castellanos Trigo, Gonzalo. Derecho de obligaciones en el coĚdigo civil boliviano, 2008:</subfield>
    <subfield code="b">t.p. (Susana Auad la Fuente de Castellanos)</subfield>
  </datafield>
</record>